@article{reddy1996fft,
  title={{An FFT-based Technique for Translation, Rotation, and Scale-Invariant Image Registration}},
  author={Reddy, B Srinivasa and Chatterji, Biswanath N},
  journal={{IEEE Transactions on Image Processing}},
  volume={5},
  number={8},
  pages={1266--1271},
  year={1996}
}

@inproceedings{sarvaiya2009image,
  title={{Image Registration Using Log-Polar Transform and Phase Correlation}},
  author={Sarvaiya, Jignesh N and Patnaik, Suprava and Bombaywala, Salman},
  booktitle={{TENCON 2009-2009 IEEE Region 10 Conference}},
  pages={1--5},
  year={2009},
  organization={IEEE}
}

@INPROCEEDINGS{Geiger2011IV,
  author = {Andreas Geiger and Julius Ziegler and Christoph Stiller},
  title = {{StereoScan: Dense 3D Reconstruction in Real-time}},
  booktitle = {{Intelligent Vehicles Symposium (IV)}},
  year = {2011}
}

@article{kuglin1975phase,
author = {C. D. Kuglin and D. C. Hines},
title = {{The Phase Correlation Image Alignment Method}},
year = {1975},
journal = {{Proceeding  of  IEEE  International Conference  on  Cybernetics  and  Society}},
publisher = {{IEEE}},
pages={163--165},
masid = {1969253}
}
